@inproceedings{dicosmoWhyAndHow,
  URL = {https://hal.archives-ouvertes.fr/hal-01590958},
  AUTHOR = {Di Cosmo, Roberto and Zacchiroli, Stefano},
  TITLE = {{Software Heritage: Why and How to Preserve Software Source Code}},
  BOOKTITLE = {{iPRES 2017 - 14th International Conference on Digital Preservation}},
  ADDRESS = {Kyoto, Japan},
  PAGES = {1-10},
  YEAR = {2017},
  MONTH = Sep,
  KEYWORDS = {source code ; digital preservation ; cultural heritage ; open source software ; free software},
  PDF = {https://hal.archives-ouvertes.fr/hal-01590958/file/ipres-2017-software-heritage.pdf},
  HAL_ID = {hal-01590958},
  HAL_VERSION = {v1},
}

@inproceedings{dicosmoIDO,
  TITLE = {{Identifiers for Digital Objects: the Case of Software Source Code Preservation}},
  AUTHOR = {Di Cosmo, Roberto and Gruenpeter, Morane and Zacchiroli, Stefano},
  URL = {https://hal.archives-ouvertes.fr/hal-01865790},
  BOOKTITLE = {{iPRES 2018 - 15th International Conference on Digital Preservation}},
  ADDRESS = {Boston, United States},
  PAGES = {1-9},
  YEAR = {2018},
  MONTH = Sep,
  DOI = {10.17605/OSF.IO/KDE56},
  PDF = {https://hal.archives-ouvertes.fr/hal-01865790/file/main.pdf},
  HAL_ID = {hal-01865790},
  HAL_VERSION = {v4},
}

@misc{internetArchive,
  title = {The Internet Archive Software Collection},
  howpublished = {\url{https://archive.org/details/software&tab=about}},
  note = {Accessed: 2019-05-23}
}

@misc{unescoPersist,
  title = {About PERSIST: UNESCO PERSIST Programme},
  howpublished = {\url{https://unescopersist.org/about/}},
  note = {Accessed: 2019-05-23}
}

@misc{swhRevisionNode,
  title = {Software Heritage Documentation},
  howpublished = {\url{https://docs.softwareheritage.org/devel/_images/swh-merkle-dag.svg}},
  note = {Accessed: 2019-05-23}
}
